@inproceedings{raju11,
	author = {Raju, K.V. Krishnam and Vallikumari, V. and Raju, K.V.S.V.N},
	title = {{Modeling and Analysis of IEEE 802.11i WPA-PSK Authentication Protocol}},
	booktitle = {3rd International Conference on Electronics Computer Technology (ICECT), 2011},
	pages = {72-76},
	volume = {5},
	year = {2011}
}
@book{edney03,
	author = {Jon Edney and William A. Arbaugh},
	title = {{Real 802.11 Security: Wi-Fi Protected Access and 802.11i}},
	publisher = {Addison-Wesley Professional},
	year = {2003}
}